% Arten https://de.wikibooks.org/wiki/LaTeX-Kompendium:_Zitieren_mit_BibTeX


% SLAM part 1
@INPROCEEDINGS{8028453,
    author={F. {Pei} and H. {Yan} and M. {Zhu}},
    booktitle={2017 36th Chinese Control Conference (CCC)},
    title={Improved FastSLAM system using artificial fish-swarm optimized distributed unscented particle filter},
    year={2017},
    volume={},
    number={},
    pages={6951-6956},
    keywords={mobile robots;optimisation;particle filtering (numerical methods);robot vision;sampling methods;SLAM (robots);FastSLAM system;simultaneous localization and mapping;artificial fish-swarm optimized distributed unscented particle filter;AFSO-DUPF;particle impoverishment;intelligent optimized resampling method;artificial fish-swarm algorithm;mobile robot;Particle filters;Simultaneous localization and mapping;State estimation;Robot kinematics;Distributed FastSLAM;Unscented Particle Filter;Artificial Fish-Swarm;Resampling},
    doi={10.23919/ChiCC.2017.8028453},
    ISSN={},
    month={July},
}

% SLAM part 2
@ARTICLE{1678144,
    author={T. {Bailey} and H. {Durrant-Whyte}},
    journal={IEEE Robotics Automation Magazine},
    title={Simultaneous localization and mapping (SLAM): part II},
    year={2006},
    volume={13},
    number={3},
    pages={108-117},
    keywords={Bayes methods;computational complexity;mobile robots;path planning;statistical distributions;simultaneous localization and mapping;recursive Bayesian formulation;probability distributions;computational complexity;data association;environment representation;mobile robot;vehicle pose;Simultaneous localization and mapping;Vehicles;Computational complexity;Computational efficiency;Delay estimation;Uncertainty;Robotics and automation;Mobile robots;Robustness;Bayesian methods},
    doi={10.1109/MRA.2006.1678144},
    ISSN={},
    month={Sep.},
}



% Openslam
@MISC{openslam,
  AUTHOR       = "Cyrill Stachniss and Udo Frese and Giorgio Grisetti",
  TITLE        = "Open{SLAM} {W}ebsite",
  YEAR         = "2019",
  HOWPUBLISHED = "Openslam",
  NOTE         = "\url{https://openslam-org.github.io/}"
}

% SLAM for dummies
@BOOKLET{slamfordummies,
    AUTHOR      = "Søren Riisgaard and Morten Rufus Blas",
    TITLE       = "SLAM for {D}ummies",
    NOTE        = "\url{https://tinyurl.com/y32jtecm}"
}

% ORB-SLAM
@article{murTRO2015,
  title={{ORB-SLAM}: a Versatile and Accurate Monocular {SLAM} System},
  author={Mur-Artal, Ra\'ul, Montiel, J. M. M. and Tard\'os, Juan D.},
  journal={IEEE Transactions on Robotics},
  volume={31},
  number={5},
  pages={1147--1163},
  doi = {10.1109/TRO.2015.2463671},
  year={2015}
 }
 
 % techapeek SLAM
 @MISC{techapeekslam,
    AUTHOR  = "Scott Martin",
    TITLE   = "What Is Simultaneous Localization and Mapping?",
    YEAR         = "2019",
    HOWPUBLISHED = "Techapeek",
    NOTE    = "\url{https://tinyurl.com/y5yajv5u}"
 }
 
 % areverie SLAM
 @MISC{arreverie,
    AUTHOR  = "Sanked Prabhu",
    TITLE   =   "Introduction to SLAM (Simultaneous Localisation and Mapping)",
    YEAR         = "2019",
    HOWPUBLISHED = "ARreverie",
    NOTE   =   "\url{https://tinyurl.com/y5an9jq9}"
 }
 
 % RGB-D SLAM
@MISC{rosrgbdslam,
    AUTHOR  =   "Felix Endrees and Juergen Hess and Nikolas Engelhard",
    TITLE   =   "RGB-D SLAM",
    YEAR    =   "2019",
    HOWPUBLISHED = "ROS Wiki",
    NOTE    =   "\url{https://tinyurl.com/yynyqwg2}"
}

% ORB-SLAM
@ARTICLE{orbslam,
    author={R. {Mur-Artal} and J. M. M. {Montiel} and J. D. {Tardós}},
    journal={IEEE Transactions on Robotics},
    title={ORB-SLAM: A Versatile and Accurate Monocular SLAM System},
    year={2015},
    volume={31},
    number={5},
    pages={1147-1163},
    keywords={SLAM (robots);ORB-SLAM system;feature-based monocular simultaneous localization and mapping system;survival of the fittest strategy;Simultaneous localization and mapping;Cameras;Optimization;Feature extraction;Visualization;Real-time systems;Computational modeling;Lifelong mapping;localization;monocular vision;recognition;simultaneous localization and mapping (SLAM);Lifelong mapping;localization;monocular vision;recognition;simultaneous localization and mapping (SLAM)},
    doi={10.1109/TRO.2015.2463671},
    ISSN={},
    month={Oct},
}

% DVO-SLAM
@inproceedings{dvoslam,
    author={F. Steinbruecker and J. Sturm and D. Cremers},
    title={Real-Time Visual Odometry from Dense RGB-D Images},
    booktitle={Workshop on Live Dense Reconstruction with Moving Cameras at the Intl. Conf. on Computer Vision (ICCV)},
    year={2011},
    keywords={dense visual odometry,rgb-d,rgb-d benchmark}
}
@MastersThesis{kerl2012msc,
    author     =     {C. Kerl},
    title     =     {Odometry from RGB-D Cameras for Autonomous Quadrocopters},
    school     =     {Technical University Munich},
    address     =     {Germany},
    year     =     {2012},
    month     =     {Nov.},
    keywords={quadrocopter,dense visual odometry,rgb-d,rgb-d benchmark}
}
@InProceedings{ kerl13icra,
	title = "Robust Odometry Estimation for RGB-D Cameras",
	author = "C. Kerl and J. Sturm and D. Cremers",
	booktitle = icra,
	year = "2013",
	month = "May",

    award = {Best Vision Paper Award - Finalist},
    keywords={dense visual odometry,rgb-d,rgb-d benchmark,sturmselection},
}
@InProceedings{kerl13iros,
  author =    {C. Kerl and J. Sturm and D. Cremers},
  title =     {Dense Visual SLAM for RGB-D Cameras},
  booktitle = {Proc. of the Int. Conf. on Intelligent Robot Systems (IROS)},
  year =      2013,
  keywords={dense visual odometry,dense visual slam,rgb-d,rgb-d benchmark}
}
@inproceedings{kerl15iccv,
  author = {C. Kerl and J. Stueckler and D. Cremers},
  title = {Dense Continuous-Time Tracking and Mapping with Rolling Shutter {RGB-D} Cameras},
  booktitle = iccv,
  year = {2015},
  address = {Santiago, Chile},
  keywords = {rgb-d,slam,rgbdslam,dense visual odometry},
  note = {{<a href="https://youtu.be/Lo6tKswM3hc"target="_blank">[video]</a><a href="/_media/spezial/bib/kerl15iccv_supplementary.pdf"target="_blank">[supplementary]</a><a href="/%7ekerl/kerl_etal_iccv2015_webpage/"target="_blank">[datasets]</a>}},
}

% LSD-SLAM
@inproceedings{lsdslam,
author={J. Engel and J. Sturm and D. Cremers},
title={Semi-Dense Visual Odometry for a Monocular Camera},
year= {2013},
address={Sydney, Australia},
month={December},
booktitle = iccv,
keywords={rgb-d, visual odometry, monocular, slam, semidense}
}
@inproceedings{engel14eccv,
author={J. Engel and T. Sch\"ops and D. Cremers},
title={{LSD-SLAM}: Large-Scale Direct Monocular {SLAM}},
year= {2014},
month={September},
booktitle = eccv,
keywords={rgb-d, monocular, slam, semidense, lsdslam},
award = {Oral Presentation}
}
@inproceedings{schoeps14ismar,
author={T. Sch\"ops and J. Engel and D. Cremers},
title={Semi-Dense Visual Odometry for {AR} on a Smartphone},
year= {2014},
month={September},
booktitle = ismar,
keywords={rgb-d, monocular, slam, semidense, lsdslam, ar},
award = {Best Short Paper Award}
}
@inproceedings{engel2015_stereo_lsdslam,
  author = {J. Engel and J. Stueckler and D. Cremers},
  title = {Large-Scale Direct SLAM with Stereo Cameras},
  booktitle = iros,
  year = 2015,
  month = sept,
  keywords = {slam, stereo, semidense, reconstruction}
}
@inproceedings{caruso2015_omni_lsdslam,
  author = {D. Caruso and J. Engel and D. Cremers},
  title = {Large-Scale Direct SLAM for Omnidirectional Cameras},
  booktitle = iros,
  month = sept,
  year = 2015,
  keywords = {slam, fisheye, semidense, reconstruction}
}
@inproceedings{usenko15_3drecon_stereolsdslam,
  author= {V. Usenko and J. Engel and J. Stueckler and D. Cremers},
  title = {Reconstructing Street-Scenes in Real-Time From a Driving Car},
  booktitle = {Proc. of the Int. Conference on 3D Vision (3DV)},
  month = oct,
  year = 2015,
  keywords = {slam, stereo, semidense, reconstruction}
}

% Fastslam
@INPROCEEDINGS{Fastslam,
    author = {Michael Montemerlo and Sebastian Thrun and Daphne Koller and Ben Wegbreit},
    title = {FastSLAM: A Factored Solution to the Simultaneous Localization and Mapping Problem},
    booktitle = {In Proceedings of the AAAI National Conference on Artificial Intelligence},
    year = {2002},
    pages = {593--598},
    publisher = {AAAI}
}

% About ROS
@MISC{aboutros,
    AUTHOR = "ROS",
    TITLE   = "About ROS",
    YEAR         = "2019",
    HOWPUBLISHED = "ROS",
    NOTE    = "\url{https://www.ros.org/about-ros/}"
    
}

% ROS 101
@MISC{rosoneoone,
    AUTHOR  = "Clearpath Robotics",
    TITLE   = "ROS 101: Intro to the Robot Operating System",
    YEAR    = "2014",
    HOWPUBLISHED = "Robohub",
    NOTE    = "\url{https://tinyurl.com/y4q6paak}"
}

% ORB-SLAM2
@ARTICLE{orbslam2,
    author={R. {Mur-Artal} and J. D. {Tardós}},
    journal={IEEE Transactions on Robotics},
    title={ORB-SLAM2: An Open-Source SLAM System for Monocular, Stereo, and RGB-D Cameras},
    year={2017},
    volume={33},
    number={5},
    pages={1255-1262},
    keywords={cameras;distance measurement;Kalman filters;mobile robots;motion estimation;path planning;robot vision;SLAM (robots);ORB-SLAM;open-source SLAM system;lightweight localization mode;map points;zero-drift localization;SLAM community;monocular cameras;stereo cameras;simultaneous localization and mapping system;RGB-D cameras;Simultaneous localization and mapping;Cameras;Optimization;Feature extraction;Tracking loops;Trajectory;Localization;mapping;RGB-D;simultaneous localization and mapping (SLAM);stereo},
    doi={10.1109/TRO.2017.2705103},
    ISSN={},
    month={Oct},
}


@BOOK{fundamentals_ann,
  AUTHOR       = "Mohamad H. Hassoun",
  TITLE        = "Fundamentals of Artifical Neural Networks",
  PUBLISHER    = "The MIT Press",
  YEAR         = "1995"
}



